@book{adams1995hitchhiker,
  title={The Hitchhiker's Guide to the Galaxy},
  author={Adams, D.},
  isbn={9781417642595},
  url={http://books.google.com/books?id=W-xMPgAACAAJ},
  year={1995},
  publisher={San Val}
}

@article{WastedTimeOnCommutes,
    title={The astonishing human potential wasted on commutes},
    author={Christopher Ingraham},
    url={https://www.washingtonpost.com/news/wonk/wp/2016/02/25/how-much-of-your-life-youre-wasting-on-your-commute/?utm_term=.596abde5760c},
    year={2016}
}

@article{CostOfSelfDrivingVehicle,
    title={What it really costs to turn a car into a self-driving vehicle},
    author={Steve LeVine},
    year={2017},
    url={https://qz.com/924212/what-it-really-costs-to-turn-a-car-into-a-self-driving-vehicle/},
    journal={Quartz}
}

@article{RaspberryPIComparison,
    title={RaspberryPI models comparison},
    author={Seralo},
    year={2018},
    url={http://socialcompare.com/en/comparison/raspberrypi-models-comparison}
}

@article{YOLO,
  author    = {Joseph Redmon and
               Ali Farhadi},
  title     = {{YOLO9000:} Better, Faster, Stronger},
  journal   = {CoRR},
  volume    = {abs/1612.08242},
  year      = {2016},
  url       = {http://arxiv.org/abs/1612.08242},
  archivePrefix = {arXiv},
  eprint    = {1612.08242},
  timestamp = {Wed, 07 Jun 2017 14:40:20 +0200},
  biburl    = {https://dblp.org/rec/bib/journals/corr/RedmonF16},
  bibsource = {dblp computer science bibliography, https://dblp.org}
}

@Misc{DarknetGithub,
    author={Joseph Redmon},
    year={2018},
    title={Darknet},
    url={https://github.com/pjreddie/darknet}
}

@Misc{NNPACK,
    author={Marat Dukhan},
    year={2018},
    title={NNPACK},
    url={https://github.com/Maratyszcza/NNPACK}
}

@Misc{DarknetNNPack,
    author={digitalbrain79},
    year={2018},
    title={Darknet with NNPACK },
    url={https://github.com/digitalbrain79/darknet-nnpack}
}

@article{NEON,
    title={Arm Neon},
    year={2018},
    url={https://developer.arm.com/technologies/neon}
}

@Misc{Movidius_NCS,
    title={Movidius Neural Compute Stick},
    year={2018},
    url={https://developer.movidius.com/}
}

@Misc{Nvidia_Tegra,
    title={Nvidia Tegra},
    year={2018},
    url={http://www.nvidia.com/object/tegra-k1-processor.html}
}



@Misc{NvidiaTitanX,
    title={TITAN X},
    year={2017},
    author={Nvidia},
    url={https://www.nvidia.com/en-us/geforce/products/10series/titan-x-pascal/}
}

@Misc{cs231n,
    title={Stanford {CS 231 Course Webpage}},
    author={Stanford},
    year={2018},
    url={http://cs231n.github.io/convolutional-networks/}
}

@article{RaspberryPIGPU,
    title={},
    year={2018},
    url={https://petewarden.com/2014/08/07/how-to-optimize-raspberry-pi-code-using-its-gpu/}
}

@incollection{AlexNet,
title = {ImageNet Classification with Deep Convolutional Neural Networks},
author = {Alex Krizhevsky and Sutskever, Ilya and Hinton, Geoffrey E},
booktitle = {Advances in Neural Information Processing Systems 25},
editor = {F. Pereira and C. J. C. Burges and L. Bottou and K. Q. Weinberger},
pages = {1097--1105},
year = {2012},
publisher = {Curran Associates, Inc.},
url = {http://papers.nips.cc/paper/4824-imagenet-classification-with-deep-convolutional-neural-networks.pdf}
}

@article{InceptionV1,
  author    = {Christian Szegedy and
               Wei Liu and
               Yangqing Jia and
               Pierre Sermanet and
               Scott E. Reed and
               Dragomir Anguelov and
               Dumitru Erhan and
               Vincent Vanhoucke and
               Andrew Rabinovich},
  title     = {Going Deeper with Convolutions},
  journal   = {CoRR},
  volume    = {abs/1409.4842},
  year      = {2014},
  url       = {http://arxiv.org/abs/1409.4842},
  archivePrefix = {arXiv},
  eprint    = {1409.4842},
  timestamp = {Wed, 07 Jun 2017 14:40:42 +0200},
  biburl    = {https://dblp.org/rec/bib/journals/corr/SzegedyLJSRAEVR14},
  bibsource = {dblp computer science bibliography, https://dblp.org}
}

@article{Xception,
  author    = {Fran{\c{c}}ois Chollet},
  title     = {Xception: Deep Learning with Depthwise Separable Convolutions},
  journal   = {CoRR},
  volume    = {abs/1610.02357},
  year      = {2016},
  url       = {http://arxiv.org/abs/1610.02357},
  archivePrefix = {arXiv},
  eprint    = {1610.02357},
  timestamp = {Wed, 07 Jun 2017 14:41:03 +0200},
  biburl    = {https://dblp.org/rec/bib/journals/corr/Chollet16a},
  bibsource = {dblp computer science bibliography, https://dblp.org}
}

@article{ResNet,
  author    = {Kaiming He and
               Xiangyu Zhang and
               Shaoqing Ren and
               Jian Sun},
  title     = {Deep Residual Learning for Image Recognition},
  journal   = {CoRR},
  volume    = {abs/1512.03385},
  year      = {2015},
  url       = {http://arxiv.org/abs/1512.03385},
  archivePrefix = {arXiv},
  eprint    = {1512.03385},
  timestamp = {Wed, 07 Jun 2017 14:41:17 +0200},
  biburl    = {https://dblp.org/rec/bib/journals/corr/HeZRS15},
  bibsource = {dblp computer science bibliography, https://dblp.org}
}

@article{MobileNet,
  author    = {Andrew G. Howard and
               Menglong Zhu and
               Bo Chen and
               Dmitry Kalenichenko and
               Weijun Wang and
               Tobias Weyand and
               Marco Andreetto and
               Hartwig Adam},
  title     = {MobileNets: Efficient Convolutional Neural Networks for Mobile Vision
               Applications},
  journal   = {CoRR},
  volume    = {abs/1704.04861},
  year      = {2017},
  url       = {http://arxiv.org/abs/1704.04861},
  archivePrefix = {arXiv},
  eprint    = {1704.04861},
  timestamp = {Wed, 07 Jun 2017 14:40:11 +0200},
  biburl    = {https://dblp.org/rec/bib/journals/corr/HowardZCKWWAA17},
  bibsource = {dblp computer science bibliography, https://dblp.org}
}


@inbook{LeNet,
title = {Comparison of learning algorithms for handwritten digit recognition},
author = {Yann Lecun and L.D. Jackel and Leon Bottou and A. Brunot and Corinna Cortes and Denker, {J. S.} and Harris Drucker and I. Guyon and U.A. Muller and Eduard Sackinger and Patrice Simard and V. Vapnik},
year = {1995},
pages = {53--60},
booktitle = {International Conference on Artificial Neural Networks, Paris},
publisher = {EC2 |\& Cie}
}

@article{rcnns,
  author    = {Ross B. Girshick and
               Jeff Donahue and
               Trevor Darrell and
               Jitendra Malik},
  title     = {Rich feature hierarchies for accurate object detection and semantic segmentation},
  journal   = {CoRR},
  volume    = {abs/1311.2524},
  year      = {2013},
  url       = {http://arxiv.org/abs/1311.2524},
  archivePrefix = {arXiv},
  eprint    = {1311.2524},
  timestamp = {Wed, 07 Jun 2017 14:43:00 +0200},
  biburl    = {https://dblp.org/rec/bib/journals/corr/GirshickDDM13},
  bibsource = {dblp computer science bibliography, https://dblp.org}
}

@article{wu_convdet,
    author = {Wu et al.},
    title = {SqueezeDet: Unified, Small, Low Power Fully Convolutional Neural Networks for Real-Time Object Detection for Autonomous Driving},
    year = 2017,
    url = {http://ieeexplore.ieee.org/stamp/stamp.jsp?tp=&arnumber=8014794&tag=1}
}

@article{lightheadRCNN,
  author    = {Zeming Li and
               Chao Peng and
               Gang Yu and
               Xiangyu Zhang and
               Yangdong Deng and
               Jian Sun},
  title     = {Light-Head {R-CNN:} In Defense of Two-Stage Object Detector},
  journal   = {CoRR},
  volume    = {abs/1711.07264},
  year      = {2017},
  url       = {http://arxiv.org/abs/1711.07264},
  archivePrefix = {arXiv},
  eprint    = {1711.07264},
  timestamp = {Sun, 03 Dec 2017 12:38:15 +0100},
  biburl    = {https://dblp.org/rec/bib/journals/corr/abs-1711-07264},
  bibsource = {dblp computer science bibliography, https://dblp.org}
}

@Misc{rcnn_blog,
    title={A Brief History of CNNs in Image Segmentation: From R-CNN to Mask R-CNN},
    year={2017},
    author={Dhruv Parthasarathy},
    url={https://blog.athelas.com/a-brief-history-of-cnns-in-image-segmentation-from-r-cnn-to-mask-r-cnn-34ea83205de4}
}

@Misc{YOLO_TedTalk,
    title={How computers learn To recognize objects instantly},
    author={Joseph Redmon},
    year={2017},
    url={https://www.ted.com/talks/joseph_redmon_how_a_computer_learns_to_recognize_objects_instantly#t-445892}
}

@Misc{mobilenetfig,
    title={TensorFlow Repository with Pre-Trained MobileNets},
    author={TensorFlow},
    url={https://github.com/tensorflow/models/blob/master/research/slim/nets/mobilenet_v1.md}
}

@Misc{mobilenet_on_voc,
    title={Only 0.5 MAP on ssd\_mobilnet\_v1 object detection for pascal dataset.},
    author={blake-varden},
    year={2017},
    url={https://github.com/tensorflow/models/issues/1735}
}

@Misc{picamera,
    title={CAMERA MODULE V2},
    author={},
    url={https://www.raspberrypi.org/products/camera-module-v2/}
}

@Misc{udacityData,
    title={Self Driving Car Repository},
    author={Udacity},
    url={https://github.com/udacity/self-driving-car/tree/master/datasets}
}

@Misc{udacityReader,
    title={Udacity Driving Reader},
    author={Ross Wightman},
    url={https://github.com/rwightman/udacity-driving-reader}
}

@Misc{YOLOData,
    title={Visual Object Classification Challenge Dataset},
    author={Pascal},
    url={https://pjreddie.com/projects/pascal-voc-dataset-mirror/}
}

@Misc{kitti,
    title = {{KITTI} Object Detection Evaluation 2012},
    author = {The {KITTI} Vision Benchmark Suite},
    url = {http://www.cvlibs.net/datasets/kitti/eval_object.php?obj_benchmark=2d}
}

@Misc{caltech_peds,
    title = {Caltech Pedestrian Detection Benchmark},
    author = {Pitor Doll\'ar},
    url = {http://www.vision.caltech.edu/Image_Datasets/CaltechPedestrians/}
}